<mx:record xmlns="http://www.w3.org/TR/xhtml1/strict" xmlns:mx="http://www.loc.gov/MARC21/slim" xmlns:xsi="http://www.w3.org/2001/XMLSchema-instance"><mx:leader>00037cz  2200037n  45 0</mx:leader><mx:controlfield tag="001">oca00878113 </mx:controlfield><mx:controlfield tag="005">20050618071159.0</mx:controlfield><mx:controlfield tag="008">830728n| acannaabn          |a aaa      </mx:controlfield><mx:datafield ind1=" " ind2=" " tag="010"><mx:subfield code="a">n  82221524</mx:subfield></mx:datafield><mx:datafield ind1=" " ind2=" " tag="035"><mx:subfield code="a">(OCoLC)oca00878113</mx:subfield></mx:datafield><mx:datafield ind1=" " ind2=" " tag="040"><mx:subfield code="a">DLC</mx:subfield><mx:subfield code="b">eng</mx:subfield><mx:subfield code="c">DLC</mx:subfield><mx:subfield code="d">OCoLC</mx:subfield><mx:subfield code="d">ICU</mx:subfield></mx:datafield><mx:datafield ind1="0" ind2=" " tag="100"><mx:subfield code="a">Servius,</mx:subfield><mx:subfield code="d">4th cent.</mx:subfield></mx:datafield><mx:datafield ind1="0" ind2=" " tag="400"><mx:subfield code="w">nnaa</mx:subfield><mx:subfield code="a">Servius,</mx:subfield><mx:subfield code="c">grammarian,</mx:subfield><mx:subfield code="d">fl. ca. 400</mx:subfield></mx:datafield><mx:datafield ind1="0" ind2=" " tag="400"><mx:subfield code="a">Maurus Servius Honoratus,</mx:subfield><mx:subfield code="d">4th cent.</mx:subfield></mx:datafield><mx:datafield ind1="0" ind2=" " tag="400"><mx:subfield code="a">Marius Servius Honoratus,</mx:subfield><mx:subfield code="d">4th cent.</mx:subfield></mx:datafield><mx:datafield ind1="1" ind2=" " tag="400"><mx:subfield code="a">Servius Honoratus, Marius,</mx:subfield><mx:subfield code="d">4th cent.</mx:subfield></mx:datafield><mx:datafield ind1="1" ind2=" " tag="400"><mx:subfield code="a">Honoratus, Marius Servius,</mx:subfield><mx:subfield code="d">4th cent.</mx:subfield></mx:datafield><mx:datafield ind1="0" ind2=" " tag="400"><mx:subfield code="a">Servius,</mx:subfield><mx:subfield code="c">Grammaticus,</mx:subfield><mx:subfield code="d">4th cent.</mx:subfield></mx:datafield><mx:datafield ind1="0" ind2=" " tag="400"><mx:subfield code="a">Servio,</mx:subfield><mx:subfield code="d">4th cent.</mx:subfield></mx:datafield><mx:datafield ind1="0" ind2=" " tag="400"><mx:subfield code="a">Sergius,</mx:subfield><mx:subfield code="d">4th cent.</mx:subfield></mx:datafield><mx:datafield ind1=" " ind2=" " tag="670"><mx:subfield code="a">His Comentarios a Virgilio, 1981:</mx:subfield><mx:subfield code="b">t.p. (Servio)</mx:subfield></mx:datafield><mx:datafield ind1=" " ind2=" " tag="670"><mx:subfield code="a">Encyc. Brit. 15th ed.</mx:subfield><mx:subfield code="b">(Servius, also known as Marius (or Maurus) Servius Honoratus (fl. 4th cent. A.D.); Latin grammarian, commentator, and teacher)</mx:subfield></mx:datafield><mx:datafield ind1=" " ind2=" " tag="670"><mx:subfield code="a">Oxford class. dict.</mx:subfield><mx:subfield code="b">(Servius; 4th c. A.D., a young man about A.D. 384 according to Macrobius; grammarian and commentator)</mx:subfield></mx:datafield><mx:datafield ind1=" " ind2=" " tag="670"><mx:subfield code="a">His Servii Grammatici qui feruntur in Vergilii carmina commentarii, 1881-</mx:subfield></mx:datafield><mx:datafield ind1=" " ind2=" " tag="670"><mx:subfield code="a">His Comentarium de oratione et de octo partibus orationis artis secundae donati, 2005:</mx:subfield><mx:subfield code="b">t.p. (Sergius (Ps.-Cassiodorus))</mx:subfield></mx:datafield><mx:datafield ind1=" " ind2=" " tag="675"><mx:subfield code="a">Encyc. Amer.</mx:subfield></mx:datafield><mx:datafield ind1=" " ind2=" " tag="999"><mx:subfield code="a">35848</mx:subfield></mx:datafield></mx:record>